<?xml version="1.0" encoding="UTF-8"?><collection xmlns="http://www.loc.gov/MARC21/slim"><record><leader>00459nam--2200169-i-4500</leader><controlfield tag="001">000029414</controlfield><controlfield tag="002">20161230</controlfield><controlfield tag="005">20170111001619</controlfield><controlfield tag="008">060222s1000------------r-----000-0-eng-d</controlfield><datafield ind1=" " ind2=" " tag="080"><subfield code="a">530.1</subfield></datafield><datafield ind1=" " ind2=" " tag="100"><subfield code="a">Kummel, H</subfield></datafield><datafield ind1=" " ind2=" " tag="245"><subfield code="a">Equations for linked clusters and Brueckner-Bethe theory</subfield></datafield><datafield ind1=" " ind2=" " tag="260"><subfield code="a">Ruhr, Bochum</subfield><subfield code="b">Institut Fur Theoretische Physik</subfield><subfield code="c">1972</subfield></datafield><datafield ind1=" " ind2=" " tag="300"><subfield code="a">19 p.+10 Fig</subfield></datafield><datafield ind1=" " ind2=" " tag="700"><subfield code="a">Luhrmann, K. H</subfield></datafield><datafield ind1=" " ind2=" " tag="852"><subfield code="a">36867</subfield></datafield><datafield ind1=" " ind2=" " tag="CAT"><subfield code="a">SYS</subfield><subfield code="c">20170111</subfield><subfield code="h">001619</subfield></datafield></record></collection>